@article{khalil,
  author  = {Dr jim Khalil},
  journal = {BBC STEM print},
  number  = {10},
  title   = {The Quantum proto-effect},
  volume  = {2},
  year    = {2005}
}